@misc{crepe,
      title={CREPE: A Convolutional Representation for Pitch Estimation}, 
      author={Jong Wook Kim and Justin Salamon and Peter Li and Juan Pablo Bello},
      year={2018},
      eprint={1802.06182},
      archivePrefix={arXiv},
      primaryClass={eess.AS},
      url={https://arxiv.org/pdf/1802.06182.pdf}
}

@book{plack,
title = "The Sense of Hearing",
author = "C.J. Plack",
year = "2013",
language = "English",
publisher = "Psychology Press Ltd",
address = "United Kingdom",
edition = "2",
pages = {117--118},
}

@article{musicevo,
author = {McDermott, Josh and Hauser, Marc},
year = {2005},
month = {09},
pages = {29-59},
title = {The origins of music: Innateness, uniqueness, and evolution},
volume = {23},
journal = {Music Perception - MUSIC PERCEPT},
doi = {10.1525/mp.2005.23.1.29},
url = {https://web.mit.edu/jhm/www/Pubs/McDermott_2005_music_evolution.pdf}
}

@book{moore,
title = "An Introduction to the Psychology of Hearing",
author = "Brian C. J. Moore",
year = "2013",
language = "English",
publisher = "Emerald Group Publishing Limited",
address = "United Kingdom",
edition = "6",
pages = {203--242},
}

@inproceedings{comparison1,
author = {Babacan, Onur and Drugman, Thomas and d'Alessandro, Nicolas and Henrich Bernardoni, Nathalie and Dutoit, Thierry},
year = {2013},
month = {05},
pages = {7815-7819},
title = {A comparative study of pitch extraction algorithms on a large variety of singing sounds},
journal = {Acoustics, Speech, and Signal Processing, 1988. ICASSP-88., 1988 International Conference on},
doi = {10.1109/ICASSP.2013.6639185}
}

@inproceedings{comparison2,
author = {von dem Knesebeck, Adrian and Zölzer, Udo},
year = {2010},
month = {09},
pages = {266-269},
title = {Comparison of pitch trackers for real-time guitar effects},
journal = {Proc. 13th Int. Conf. on Digital Audio Effects (DAFx-10)}
}

@inproceedings{comparison3,
author = {Jouvet, Denis and Laprie, Yves},
year = {2017},
month = {08},
pages = {1614-1618},
title = {Performance analysis of several pitch detection algorithms on simulated and real noisy speech data},
doi = {10.23919/EUSIPCO.2017.8081482},
journal = {2017 25th European Signal Processing Conference (EUSIPCO)},
url = {https://hal.inria.fr/hal-01585554/document}
}

@inproceedings{mpm,
author = {McLeod, Philip and Wyvill, Geoff},
year = {2005},
month = {01},
pages = {},
title = {A smarter way to find pitch},
url = {http://www.music.mcgill.ca/~ich/research/misc/papers/cr1172.pdf},
journal = {Conference: Proc. of Int. Computer Music Conf.}
}

@article{yin,
author = {Cheveigné, Alain and Kawahara, Hideki},
year = {2002},
month = {05},
pages = {1917-30},
title = {YIN, A fundamental frequency estimator for speech and music},
volume = {111},
journal = {The Journal of the Acoustical Society of America},
url = {http://audition.ens.fr/adc/pdf/2002_JASA_YIN.pdf},
doi = {10.1121/1.1458024}
}

@inproceedings{pyin,
	author={M. {Mauch} and S. {Dixon}},
	booktitle={2014 IEEE International Conference on Acoustics, Speech and Signal Processing (ICASSP)},
	title={PYIN: A fundamental frequency estimator using probabilistic threshold distributions},
	year={2014},
	volume={},
	number={},
	pages={659-663},
	doi={10.1109/ICASSP.2014.6853678},
	url = {https://www.eecs.qmul.ac.uk/~simond/pub/2014/MauchDixon-PYIN-ICASSP2014.pdf}
}

@article{nollcepstrum,
author = {Noll,A. Michael },
title = {Cepstrum Pitch Determination},
journal = {The Journal of the Acoustical Society of America},
volume = {41},
number = {2},
pages = {293-309},
year = {1967},
doi = {10.1121/1.1910339},
URL = { 
        https://doi.org/10.1121/1.1910339
    
},
eprint = { 
        https://doi.org/10.1121/1.1910339
}
}

