@misc{opuspaper,
      title={High-Quality, Low-Delay Music Coding in the Opus Codec}, 
      author={Jean-Marc Valin and Gregory Maxwell and Timothy B. Terriberry and Koen Vos},
      year={2016},
      eprint={1602.04845},
      archivePrefix={arXiv},
      primaryClass={cs.MM},
      url={https://arxiv.org/abs/1602.04845}
}
