@website{harmonixrepo,
title={urinieto/harmonixset},
url={https://github.com/urinieto/harmonixset},
journal={GitHub}}

@website{librosaonset,
title={librosa.onset.onset{\_}detect},
url={https://librosa.org/doc/main/generated/librosa.onset.onset_detect.html},
journal={librosa 0.8.0 documentation}}

@website{librosabeats,
title={beat\_tracking},
url={https://musicinformationretrieval.com/beat_tracking.html},
journal={musicinformationretrieval.com}}

@website{dtwnotebook,
title={Audio Alignment for Harmonix Set},
url={https://github.com/urinieto/harmonixset/blob/master/notebooks/Audio%20Alignment.ipynb},
journal={GitHub}}

@article{harmonixpaper,
title={The Harmonix Set: Beats, Downbeats, and Functional Segment Annotations of Western Popular Music},
author={Oriol Nieto and Matthew McCallum and Matthew Davies and Andrew Robertson and Adam Stark and Eran Egozy},
year={2019},
journal={Proc. of the 20th International Society for Music Information Retrieval Conference (ISMIR), Delft, The Netherlands, 2019},
url={https://ccrma.stanford.edu/~urinieto/MARL/publications/ISMIR2019-Nieto-Harmonix.pdf},
}

@article{dtw,
author = {Müller, Meinard},
year = {2007},
month = {01},
pages = {69-84},
title = {Dynamic time warping},
volume = {2},
journal = {Information Retrieval for Music and Motion},
doi = {10.1007/978-3-540-74048-3_4}
}

@article{musicbrainz,
author={A. {Swartz}},
journal={IEEE Intelligent Systems},
title={MusicBrainz: a semantic Web service},
year={2002},
volume={17},
number={1},
pages={76-77},
doi={10.1109/5254.988466}}

@article{ellis07,
author = {Ellis, Daniel},
year = {2007},
month = {03},
pages = {51-60},
title = {Beat Tracking by Dynamic Programming},
volume = {36},
journal = {Journal of New Music Research},
doi = {10.1080/09298210701653344}
}

@misc{beatmeta,
  title={MIREX 2012 AUDIO BEAT TRACKING EVALUATION : NEUROBEAT},
  author={E. Krebs and S. B{\"o}ck},
  year={2012}
}

@article{beats2012,
author = {Holzapfel, Andre and Davies, Matthew and Zapata, Jose and Oliveira, João and Gouyon, Fabien},
year = {2012},
month = {11},
pages = {2539-2548},
title = {Selective Sampling for Beat Tracking Evaluation},
volume = {20},
journal = {Audio, Speech, and Language Processing, IEEE Transactions on},
doi = {10.1109/TASL.2012.2205244}
}
