@misc{opuspaper,
      title={High-Quality, Low-Delay Music Coding in the Opus Codec}, 
      author={Jean-Marc Valin and Gregory Maxwell and Timothy B. Terriberry and Koen Vos},
      year={2016},
      eprint={1602.04845},
      archivePrefix={arXiv},
      primaryClass={cs.MM},
      url={https://arxiv.org/abs/1602.04845}
}

@misc{xiphwebsite,
title={Xiph.org: About},
url={https://xiph.org/about/}}

@misc{mpegwebsite,
title={MPEG -- The Moving Picture Experts Group},
url={https://www.mpegstandards.org/}}

@misc{computall,
title={What's New -- Oct. 31, 1998},
url={https://web.ncf.ca/aa571/wn103198.htm}}

@misc{riaaweb,
title={What We Do -- RIAA},
url={https://www.riaa.com/what-we-do/}}

@misc{pitivi,
title={Understanding codecs and containers},
author={Jean-François Fortin Tam},
url={http://www.pitivi.org/manual/codecscontainers.html}}

@inproceedings{riaavdiamond,
      title={RIAA v. Diamond Multimedia Systems: The Recording Industry Attempts to Slow the MP3 Revolution, Taking Aim at the Jogger Friendly Diamond Rio}, 
      author={Stephen W. Webb},
      year={2000},
      booktitle={7 RICH. J.L. \& TECH. 5},
      url={https://core.ac.uk/download/pdf/232774502.pdf}
}

@book{skiena,
  address = {London},
  author = {Skiena, Steven S.},
  doi = {10.1007/978-1-84800-070-4},
  isbn = {9781848000704 1848000707 9781848000698 1848000693},
  keywords = {algorithm programming textbook},
  publisher = {Springer},
  title = {The Algorithm Design Manual},
  year = {2008},
}

@misc{lossypsycho,
title={Examination of lossy audio compression methods},
author={Péter Rucz},
url={https://last.hit.bme.hu/sites/default/files/documents/audio_labor_en.pdf},
year={2018},
}

@article{generationloss,
author = {Kurth, Frank},
year = {2002},
month = {08},
pages = {},
title = {An Audio Codec For Multiple Generations Compression Without Loss Of Perceptual Quality}
}

@misc{silk,
author = {Julian Spittka and Henrik Astrom and Koen Vos},
title = {RTP Payload Format and File Storage Format for SILK Speech and Audio Codec},
year = {2009},
url = {{https://tools.ietf.org/html/draft-spittka-silk-payload-format-00}}
}

@inproceedings{speech,
author = {Epps, Julien and Holmes, W.H.},
year = {1999},
month = {02},
pages = {174 - 176},
title = {A new technique for wideband enhancement of coded narrowband speech},
isbn = {0-7803-5651-9},
doi = {10.1109/SCFT.1999.781522}
}

@article{moore,
author = {Moore, Brian},
year = {2016},
month = {03},
pages = {112-123},
title = {Effects of Sound-Induced Hearing Loss and Hearing Aids on the Perception of Music},
volume = {64},
journal = {Journal of the Audio Engineering Society},
doi = {10.17743/jaes.2015.0081}
}
