@inproceedings{bock1,
author = {B{\"o}ck, Sebastian and Schedl, Markus},
year = {2011},
pages = {},
title = {Enhanced Beat Tracking with Context-Aware Neural Networks},
booktitle = {Proceedings of the 14th International Conference on Digital Audio Effects, DAFx 2011},
}

@inproceedings{bock2,
  author       = {Sebastian B{\"o}ck and
                  Florian Krebs and
                  Gerhard Widmer},
  title        = {{Accurate Tempo Estimation Based on Recurrent 
                   Neural Networks and Resonating Comb Filters.}},
  booktitle    = {{Proceedings of the 16th International Society for 
                   Music Information Retrieval Conference}},
  year         = {2015},
  pages        = {625-631},
  publisher    = {ISMIR},
  address      = {Málaga, Spain},
  venue        = {Málaga, Spain},
  doi          = {10.5281/zenodo.1416026},
}

@inproceedings{madmom,
   title = {{madmom: a new Python Audio and Music Signal Processing Library}},
   author = {B{\"o}ck, Sebastian and Korzeniowski, Filip and Schl{\"u}ter, Jan and Krebs, Florian and Widmer, Gerhard},
   booktitle = {Proceedings of the 24th ACM International Conference on Multimedia},
   year = {2016},
   pages = {1174--1178},
   address = {Amsterdam, The Netherlands},
   doi = {10.1145/2964284.2973795},
   url = {https://github.com/CPJKU/madmom}
}

@article{ellis,
author = {Ellis, Daniel},
year = {2007},
pages = {51-60},
title = {Beat Tracking by Dynamic Programming},
volume = {36},
journal = {Journal of New Music Research},
doi = {10.1080/09298210701653344},
}

@inproceedings{btrack,
author = {Stark, Adam and Davies, Matthew and Plumbley, Mark},
year = {2009},
title = {Real-time beat-synchronous analysis of musical audio},
booktitle = {Proceedings of the 12th International Conference on Digital Audio Effects (DAFx-09), Como, Italy},
}

@article{goto,
author = {Goto, Masataka},
year = {2002},
pages = {},
title = {An Audio-based Real-time Beat Tracking System for Music With or Without Drum-sounds},
volume = {30},
journal = {Journal of New Music Research},
doi = {10.1076/jnmr.30.2.159.7114}
}

@article{onsets,
author = {Bello, Juan and Daudet, Laurent and Abdallah, Samer and Duxbury, Chris and Davies, Mike and Sandler, Mark},
year = {2005},
pages = {1035 - 1047},
title = {A Tutorial on Onset Detection in Music Signals},
volume = {13},
journal = {IEE Transactions on Speech and Audio Processing},
doi = {10.1109/TSA.2005.851998},
}

@inproceedings{rnnonset,
  author       = {Florian Eyben and
                  Sebastian Böck and
                  Björn W. Schuller and
                  Alex Graves},
  title        = {{Universal Onset Detection with Bidirectional Long 
                   Short-Term Memory Neural Networks.}},
  booktitle    = {{Proceedings of the 11th International Society for 
                   Music Information Retrieval Conference}},
  year         = {2010},
  pages        = {589--594},
  publisher    = {ISMIR},
  address      = {Utrecht, Netherlands},
  venue        = {Utrecht, Netherlands},
  doi          = {10.5281/zenodo.1417131},
}

@inproceedings{bock3,
author = {B{\"o}ck, Sebastian and Krebs, Florian and Widmer, Gerhard},
year = {2014},
title = {A Multi-model Approach to Beat Tracking Considering Heterogeneous Music Styles},
booktitle = {Conference: 15th International Society for Music Information Retrieval Conference (ISMIR)}
}

@inproceedings{whiteley,
  author       = {Nick Whiteley and
                  Ali Taylan Cemgil and
                  Simon J. Godsill},
  title        = {{Bayesian Modelling of Temporal Structure in 
                   Musical Audio.}},
  booktitle    = {{Proceedings of the 7th International Conference on 
                   Music Information Retrieval}},
  year         = {2006},
  pages        = {29--34},
  publisher    = {ISMIR},
  address      = {Victoria, Canada},
  venue        = {Victoria, Canada},
  doi          = {10.5281/zenodo.1415138},
}

@inproceedings{mcfee,
author = {McFee, Brian and Ellis, Daniel},
year = {2014},
pages = {2154-2158},
title = {Better beat tracking through robust onset aggregation},
isbn = {978-1-4799-2893-4},
journal = {ICASSP, IEEE International Conference on Acoustics, Speech and Signal Processing - Proceedings},
doi = {10.1109/ICASSP.2014.6853980}
}
